<?xml version="1.0" encoding="UTF-8"?><record xmlns="http://www.loc.gov/MARC21/slim" xmlns:cinclude="http://apache.org/cocoon/include/1.0" xmlns:zs="http://www.loc.gov/zing/srw/">
  <leader>01068cz  a2200205n  4500</leader>
  <controlfield tag="001">n 2006028316</controlfield>
  <controlfield tag="003">DLC</controlfield>
  <controlfield tag="005">20120112074949.0</controlfield>
  <controlfield tag="008">060412n| acannaabn          |b aaa      </controlfield>
  <datafield tag="010" ind1=" " ind2=" ">
    <subfield code="a">n 2006028316</subfield>
  </datafield>
  <datafield tag="035" ind1=" " ind2=" ">
    <subfield code="a">(OCoLC)oca06910313</subfield>
  </datafield>
  <datafield tag="040" ind1=" " ind2=" ">
    <subfield code="a">DLC</subfield>
    <subfield code="b">eng</subfield>
    <subfield code="c">DLC</subfield>
    <subfield code="d">NjBlaOCU</subfield>
    <subfield code="d">CPFT</subfield>
  </datafield>
  <datafield tag="100" ind1="1" ind2=" ">
    <subfield code="a">Lee, Hak Joon,</subfield>
    <subfield code="d">1958-</subfield>
  </datafield>
  <datafield tag="400" ind1="1" ind2=" ">
    <subfield code="a">Lee, H. J.</subfield>
    <subfield code="q">(Hak Joon),</subfield>
    <subfield code="d">1958-</subfield>
  </datafield>
  <datafield tag="400" ind1="1" ind2=" ">
    <subfield code="a">Yi, Hak-chun,</subfield>
    <subfield code="d">1958-</subfield>
  </datafield>
  <datafield tag="400" ind1="1" ind2=" ">
    <subfield code="a">이 학준,</subfield>
    <subfield code="d">1958-</subfield>
  </datafield>
  <datafield tag="667" ind1=" " ind2=" ">
    <subfield code="a">Non-Latin script reference not evaluated</subfield>
  </datafield>
  <datafield tag="670" ind1=" " ind2=" ">
    <subfield code="a">We will get to the promised land, 2006:</subfield>
    <subfield code="b">ECIP t.p. (Hak Joon Lee) data view (b. June 30, 1958) book t.p. (H.J. Lee) cover (Hak Joon Lee) p. 4 of cover (associate prof. of ethics and community, New Brunswick Theological Seminary, N.J.; Ph.D. and M.Div. from Princeton Theological Seminary)</subfield>
  </datafield>
  <datafield tag="670" ind1=" " ind2=" ">
    <subfield code="a">OCLC, Oct. 19, 2006</subfield>
    <subfield code="b">(hdg.: Lee, Hak Joon; usage: Hak Joon Lee)</subfield>
  </datafield>
  <datafield tag="670" ind1=" " ind2=" ">
    <subfield code="a">Han'guk kyohoe, p'aerŏdaim ŭl pakkwŏya sanda; 2011</subfield>
    <subfield code="b">t.p. (이 학준 = Yi Hak-chun) front flap (prof., New Brunswick Theological Seminary; prof., Fuller Theological Seminary, Fall 2011- )</subfield>
  </datafield>
</record>